%% Web %%
@online{ gradle-memory,
	author  = "Gradle Inc.",
	title   = "The Gradle Daemon",
	url     = "https://docs.gradle.org/current/userguide/gradle_daemon.html#sec:how_much_memory_does_the_daemon_use_and_can_i_give_it_more",
	year    = 2020,
	urldate = "2020-02-10"
}

@online{ gradle-docs,
	author  = "Gradle Inc.",
	title   = "Gradle User Manual",
	url     = "https://docs.gradle.org/current/userguide/userguide.html",
	year    = 2020,
	urldate = "2020-29-05"
}

@online{ project-jigsaw,
	author  = "Oracle Corporation",
	title   = "Project Jigsaw",
	url     = "https://openjdk.java.net/projects/jigsaw/",
	year    = 2017,
	urldate = "2020-29-05"
}

@online{ jpms-spec,
	author  = "Mark Reinhold",
	title   = "The Java Platform Module System (JSR 376)",
	url     = "http://cr.openjdk.java.net/~mr/jigsaw/spec/",
	year    = 2017,
	urldate = "2020-29-05"
}

%% Books %% 

@book{ groovy-in-action,
	author = "Dierk KÃ¶nig, Paul King",
	title = "Groovy in Action, Second Edition",
	year = 2015,
	isbn = 9781935182443,
}

@book{ gradle-in-action,
	author = "Benjamin Muschko",
	title = "Gradle in Action",
	year = 2014,
	isbn = 9781617291302,
}

